@article{sakin2009convection,
  title     = {Convection and radiation combined surface heat transfer coefficient in baking ovens},
  author    = {Sakin, Melike and Kaymak-Ertekin, Figen and Ilicali, Coskan},
  journal   = {Journal of Food Engineering},
  volume    = {94},
  number    = {3-4},
  pages     = {344--349},
  year      = {2009},
  publisher = {Elsevier}
}

@book{burstein2022pde,
  title     = {PDE Toolbox Primer for Engineering Applications with MATLAB{\textregistered} Basics},
  author    = {Burstein, Leonid},
  year      = {2022},
  publisher = {CRC Press}
}

@article{songyankan,
  title            = {最优布朗尼烤盘设计},
  author           = {宋炎侃 and 徐珂 and 伊凡},
  authoraddress    = {山东大学电气工程学院;},
  journal          = {数学建模及其应用},
  year             = {2013},
  volume           = {2},
  number           = {02},
  pages            = {62-71},
  keywords         = {热分布;有限元分析;PDE;平面填充},
  isbn/issn        = {2095-3070},
  notes            = {37-1485/o1},
  databaseprovider = {cnki}
}